<record xmlns="http://www.loc.gov/MARC21/slim" xmlns:xsi="http://www.w3.org/2001/XMLSchema-instance" xsi:schemaLocation="http://www.loc.gov/MARC21/slim http://www.loc.gov/standards/marcxml/schema/MARC21slim.xsd">

  <leader>00576nam a2200157Ia 4500</leader>
  <datafield ind2=" " ind1=" " tag="999">
    <subfield code="c">2167</subfield>
    <subfield code="d">2167</subfield>
  </datafield>
  <controlfield tag="008">180713b2007    cr ||||| |||| 00| | spa d</controlfield>
  <datafield tag="090" ind2=" " ind1=" ">
    <subfield code="a">14.03.01 </subfield>
    <subfield code="b">1594</subfield>
  </datafield>
  <datafield ind2=" " ind1=" " tag="100">
    <subfield code="a">Borge Carvajal, Carlos</subfield>
    <subfield code="9">4053</subfield>
  </datafield>
  <datafield tag="245" ind1="1" ind2="0">
    <subfield code="a">Consulta en los territorios indígenas del pacífico de Costa Rica / </subfield>
    <subfield code="c">Carlos Borge Carvajal</subfield>
  </datafield>
  <datafield ind2=" " ind1=" " tag="260">
    <subfield code="a">San José, Costa Rica : </subfield>
    <subfield code="b">Programa de Regularización del Catastro y Registro, </subfield>
    <subfield code="c">2007</subfield>
  </datafield>
  <datafield ind1=" " ind2=" " tag="300">
    <subfield code="a">47 páginas</subfield>
  </datafield>
  <datafield tag="650" ind2="4" ind1="1">
    <subfield code="a">POBLACIÓN INDÍGENA</subfield>
    <subfield code="9">490</subfield>
  </datafield>
  <datafield tag="650" ind2="4" ind1="1">
    <subfield code="a">PROPIEDAD DE LA TIERRA</subfield>
    <subfield code="9">4057</subfield>
  </datafield>
  <datafield tag="651" ind1="1" ind2="4">
    <subfield code="9">4056</subfield>
    <subfield code="a">PACÍFICO (COSTA RICA)</subfield>
  </datafield>
  <datafield ind2=" " ind1=" " tag="942">
    <subfield code="2">z</subfield>
    <subfield code="c">04</subfield>
  </datafield>
</record>